<?xml version="1.0" encoding="UTF-8"?><record xmlns="http://www.loc.gov/MARC21/slim" xmlns:cinclude="http://apache.org/cocoon/include/1.0" xmlns:zs="http://www.loc.gov/zing/srw/">
  <leader>00468nz  a2200121n  4500</leader>
  <controlfield tag="001">n  98077406 </controlfield>
  <controlfield tag="003">DLC</controlfield>
  <controlfield tag="005">19980827155559.9</controlfield>
  <controlfield tag="008">980827n| acannaab|          |n aaa |||  </controlfield>
  <datafield tag="010" ind1=" " ind2=" ">
    <subfield code="a">n  98077406 </subfield>
  </datafield>
  <datafield tag="040" ind1=" " ind2=" ">
    <subfield code="a">DLC</subfield>
    <subfield code="c">DLC</subfield>
  </datafield>
  <datafield tag="100" ind1="1" ind2="0">
    <subfield code="a">Gros, Stefan E.,</subfield>
    <subfield code="d">1964-</subfield>
  </datafield>
  <datafield tag="670" ind1=" " ind2=" ">
    <subfield code="a">Das Management-Buyout-Konzept als Instrument der Unternehmensprivatisierung bei der Transformation einer Planwirtschaft in eine Marktwirtschaft, c1998:</subfield>
    <subfield code="b">t.p. (Stefan E. Gros) p. 4 cover (b. 1964 in Wiesbaden)</subfield>
  </datafield>
</record>